<?xml version="1.0" encoding="UTF-8"?><record xmlns="http://www.loc.gov/MARC21/slim" xmlns:cinclude="http://apache.org/cocoon/include/1.0" xmlns:zs="http://www.loc.gov/zing/srw/">
  <leader>00502nz  a2200133n  4500</leader>
  <controlfield tag="001">no2009081142</controlfield>
  <controlfield tag="003">DLC</controlfield>
  <controlfield tag="005">20090528075727.0</controlfield>
  <controlfield tag="008">090526n| acannaabn          |n aaa     c</controlfield>
  <datafield tag="010" ind1=" " ind2=" ">
    <subfield code="a">no2009081142</subfield>
  </datafield>
  <datafield tag="035" ind1=" " ind2=" ">
    <subfield code="a">(OCoLC)oca08121460</subfield>
  </datafield>
  <datafield tag="040" ind1=" " ind2=" ">
    <subfield code="a">IdPI</subfield>
    <subfield code="b">eng</subfield>
    <subfield code="c">IdPI</subfield>
  </datafield>
  <datafield tag="100" ind1="1" ind2=" ">
    <subfield code="a">Lamichhane, Rishika Sharma</subfield>
  </datafield>
  <datafield tag="670" ind1=" " ind2=" ">
    <subfield code="a">Effect of electrode surface area on electricity generation in a single-chamber microbial fuel cell, 2008:</subfield>
    <subfield code="b">t.p. (Rishika Sharma Lamichhane; M.S., Environmental Engineering, Idaho State Univ., 2008)</subfield>
  </datafield>
</record>